@Inbook{Chitta2016,
author="Chitta, Sachin",
editor="Koubaa, Anis",
title="MoveIt!: An Introduction",
bookTitle="Robot Operating System (ROS): The Complete Reference (Volume 1)",
year="2016",
publisher="Springer International Publishing",
address="Cham",
pages="3--27",
abstract="MoveIt! is state of the art software for mobile manipulation, incorporating the latest advances in motion planning, manipulation, 3D perception, kinematics, control and navigation. It provides an easy-to-use platform for developing advanced robotics applications, evaluating new robot designs and building integrated robotics products for industrial, commercial, R{\&}D and other domains. MoveIt! is the most widely used open-source software for manipulation and has been used on over 65 different robots. This tutorial is intended for both new and advanced users: it will teach new users how to integrate MoveIt! with their robots while advanced users will also be able to get information on features that they may not be familiar with.",
isbn="978-3-319-26054-9",
doi="10.1007/978-3-319-26054-9_1",
url="https://doi.org/10.1007/978-3-319-26054-9_1"
}

